@article{frege,
  title={Begriffsschrift: Eine der arithmetischen nachgebildete},
  author={Frege, Gottlob},
  journal={Halle: Verlag von Louis Nebert},
  year={1879}
}
@article{kleene,
  title={Representation of events in nerve nets and finite automata},
  author={Kleene, SC},
  journal={Automata studies},
  volume={3},
  pages={41},
  year={1951}
}
@article{chomsky1956,
  title={Three models for the description of language},
  author={Chomsky, Noam},
  journal={IRE Transactions on information theory},
  volume={2},
  number={3},
  pages={113--124},
  year={1956},
  publisher={IEEE}
}
@incollection{shieber,
  title={Evidence against the context-freeness of natural language},
  author={Shieber, Stuart M},
  booktitle={Philosophy, language, and artificial intelligence},
  pages={79--89},
  year={1985},
  publisher={Springer}
}
@article{kasami,
  title={Generalized context-free grammars, multiple context-free grammars and head grammars},
  author={Kasami, Tadao and Seki, Hiroyuki and Fujii, Mamoru},
  journal={Preprint of WG on Natural Language of IPSJ},
  year={1987}
}
@inproceedings{vijay,
  title={Characterizing structural descriptions produced by various grammatical formalisms},
  author={Vijay-Shanker, Krishnamurti and Weir, David and Joshi, Aravind K},
  booktitle={Proceedings of the 25th Annual Meeting of the Association For Computational Linguistics (ACL)},
  address={Stanford, CA},
  year={1987}
}
@article{rissanen,
  title={Modeling by shortest data description},
  author={Rissanen, Jorma},
  journal={Automatica},
  volume={14},
  number={5},
  pages={465--471},
  year={1978},
  publisher={Elsevier}
}
@article{kallmeyer,
  title={Data-driven parsing using probabilistic linear context-free rewriting systems},
  author={Kallmeyer, Laura and Maier, Wolfgang},
  journal={Computational Linguistics},
  volume={39},
  number={1},
  pages={87--119},
  year={2013},
  publisher={MIT Press One Rogers Street, Cambridge, MA 02142-1209, USA journals-info~â€¦}
}
@inproceedings{lankhorst,
  title={A genetic algorithm for the induction of context-free grammars},
  author={Lankhorst, Marc M},
  booktitle={CLIN IV. Papers from the Fourth CLIN Meeting},
  pages={87--100},
  year={1994}
}
@inproceedings{das,
  title={Learning context-free grammars: Capabilities and limitations of a recurrent neural network with an external stack memory},
  author={Das, Sreerupa and Giles, C Lee and Sun, Guo-Zheng},
  booktitle={Proceedings of The Fourteenth Annual Conference of Cognitive Science Society. Indiana University},
  volume={14},
  year={1992},
  organization={Citeseer}
}
@article{cartling,
  title={On the implicit acquisition of a context-free grammar by a simple recurrent neural network},
  author={Cartling, Bo},
  journal={Neurocomputing},
  volume={71},
  number={7-9},
  pages={1527--1537},
  year={2008},
  publisher={Elsevier}
}
@article{katzir,
  title={A cognitively plausible model for grammar induction},
  author={Katzir, Roni},
  journal={Journal of Language Modelling},
  volume={2},
  year={2014}
}
@book{zelle,
  title={Python programming: an introduction to computer science},
  author={Zelle, John M},
  year={2004},
  publisher={Franklin, Beedle \& Associates, Inc.}
}
@article{chomsky1959,
  title={On certain formal properties of grammars},
  author={Chomsky, Noam},
  journal={Information and control},
  volume={2},
  number={2},
  pages={137--167},
  year={1959},
  publisher={Elsevier}
}
@article{shannon,
  title={A mathematical theory of communication},
  author={Shannon, Claude Elwood},
  journal={The Bell system technical journal},
  volume={27},
  number={3},
  pages={379--423},
  year={1948},
  publisher={Nokia Bell Labs}
}
@book{frasconi,
  title={The House that Jack Built: A Picture Book in Two Languages},
  author={Frasconi, Antonio},
  year={2017},
  publisher={Courier Dover Publications}
}
@phdthesis{avraham,
  title={Learning Head-Complement Order with Minimalist Grammars},
  author={Avraham, Tomer},
  year={2017},
  school={Tel Aviv University}
}
@misc{clark,
  title={An introduction to multiple context free grammars for linguists},
  author={Clark, Alexander},
  year={2014},
  publisher={Citeseer}
}
@article{horn,
  title={On sentences which are true of direct unions of algebras1},
  author={Horn, Alfred},
  journal={The Journal of Symbolic Logic},
  volume={16},
  number={1},
  pages={14--21},
  year={1951},
  publisher={Cambridge University Press}
}
@misc{keinan,
  title={A PMCFG MDL Syntactic Learner},
  author={Keinan, Dan},
  year={2020}
}